
@book{ferziger_computational_2020,
	address = {Cham},
	title = {Computational {Methods} for {Fluid} {Dynamics}},
	isbn = {978-3-319-99691-2 978-3-319-99693-6},
	url = {http://link.springer.com/10.1007/978-3-319-99693-6},
	language = {en},
	urldate = {2021-09-02},
	publisher = {Springer International Publishing},
	author = {Ferziger, Joel H. and Perić, Milovan and Street, Robert L.},
	year = {2020},
	doi = {10.1007/978-3-319-99693-6},
	keywords = {highlight, read},
	file = {Ferziger 等。 - 2020 - Computational Methods for Fluid Dynamics.pdf:C\:\\Users\\ustc\\Zotero\\storage\\FT8AD8RR\\Ferziger 等。 - 2020 - Computational Methods for Fluid Dynamics.pdf:application/pdf},
}

@book{sauer_numerical_2018,
	address = {Hoboken, NJ?},
	edition = {Third edition},
	title = {Numerical analysis},
	isbn = {978-0-13-469645-4},
	publisher = {Pearson},
	author = {Sauer, Tim},
	year = {2018},
	keywords = {Mathematical analysis, Numerical analysis},
	file = {Sauer - 2018 - Numerical analysis.pdf:C\:\\Users\\ustc\\Zotero\\storage\\P39TJ5ZU\\Sauer - 2018 - Numerical analysis.pdf:application/pdf},
}
