
@book{ferziger_computational_2020,
	address = {Cham},
	title = {Computational {Methods} for {Fluid} {Dynamics}},
	isbn = {978-3-319-99691-2 978-3-319-99693-6},
	url = {http://link.springer.com/10.1007/978-3-319-99693-6},
	language = {en},
	urldate = {2021-09-02},
	publisher = {Springer International Publishing},
	author = {Ferziger, Joel H. and Perić, Milovan and Street, Robert L.},
	year = {2020},
	doi = {10.1007/978-3-319-99693-6},
	keywords = {highlight, read},
	file = {Ferziger 等。 - 2020 - Computational Methods for Fluid Dynamics.pdf:C\:\\Users\\ustc\\Zotero\\storage\\FT8AD8RR\\Ferziger 等。 - 2020 - Computational Methods for Fluid Dynamics.pdf:application/pdf},
}

@book{toro_riemann_2009,
	address = {Dordrecht ; New York},
	edition = {3rd ed},
	title = {Riemann solvers and numerical methods for fluid dynamics: a practical introduction},
	isbn = {978-3-540-25202-3 978-3-540-49834-6},
	shorttitle = {Riemann solvers and numerical methods for fluid dynamics},
	language = {en},
	publisher = {Springer},
	author = {Toro, E. F.},
	year = {2009},
	note = {OCLC: ocn401321914},
	keywords = {highlight, reading},
	file = {Toro - 2009 - Riemann solvers and numerical methods for fluid dy.pdf:C\:\\Users\\ustc\\Zotero\\storage\\Z22WXJND\\Toro - 2009 - Riemann solvers and numerical methods for fluid dy.pdf:application/pdf},
}

@article{jiang_efficient_1996,
	title = {Efficient {Implementation} of {Weighted} {ENO} {Schemes}},
	volume = {126},
	issn = {00219991},
	url = {https://linkinghub.elsevier.com/retrieve/pii/S0021999196901308},
	doi = {10.1006/jcph.1996.0130},
	language = {en},
	number = {1},
	urldate = {2022-03-30},
	journal = {Journal of Computational Physics},
	author = {Jiang, Guang-Shan and Shu, Chi-Wang},
	month = jun,
	year = {1996},
	pages = {202--228},
	file = {Jiang 和 Shu - 1996 - Efficient Implementation of Weighted ENO Schemes.pdf:C\:\\Users\\ustc\\Zotero\\storage\\HBTECBGR\\Jiang 和 Shu - 1996 - Efficient Implementation of Weighted ENO Schemes.pdf:application/pdf},
}

@book{cockburn_advanced_1998,
	address = {Berlin ; New York},
	series = {Lecture notes in mathematics},
	title = {Advanced numerical approximation of nonlinear hyperbolic equations: lectures given at the 2nd session of the {Centro} {Internazionale} {Matematico} {Estivo} ({C}.{I}.{M}.{E}.) held in {Cetraro}, {Italy}, {June} 23-28, 1997},
	isbn = {978-3-540-64977-9},
	shorttitle = {Advanced numerical approximation of nonlinear hyperbolic equations},
	language = {en},
	number = {1697},
	publisher = {Springer},
	editor = {Cockburn, B. and Quarteroni, Alfio and Centro internazionale matematico estivo},
	year = {1998},
	keywords = {Differential equations, Hyperbolic, Differential equations, Nonlinear, Numerical solutions Congresses},
	file = {Cockburn 等。 - 1998 - Advanced numerical approximation of nonlinear hype.pdf:C\:\\Users\\ustc\\Zotero\\storage\\496953BI\\Cockburn 等。 - 1998 - Advanced numerical approximation of nonlinear hype.pdf:application/pdf},
}

@book{sauer_numerical_2018,
	address = {Hoboken, NJ?},
	edition = {Third edition},
	title = {Numerical analysis},
	isbn = {978-0-13-469645-4},
	publisher = {Pearson},
	author = {Sauer, Tim},
	year = {2018},
	keywords = {Mathematical analysis, Numerical analysis},
	file = {Sauer - 2018 - Numerical analysis.pdf:C\:\\Users\\ustc\\Zotero\\storage\\P39TJ5ZU\\Sauer - 2018 - Numerical analysis.pdf:application/pdf},
}

@book{saad_iterative_2003,
	address = {Philadelphia},
	edition = {2nd ed},
	title = {Iterative methods for sparse linear systems},
	isbn = {978-0-89871-534-7},
	publisher = {SIAM},
	author = {Saad, Y.},
	year = {2003},
	keywords = {Differential equations, Partial, Numerical solutions, Iterative methods (Mathematics), Sparse matrices},
	file = {Saad - 2003 - Iterative methods for sparse linear systems.pdf:C\:\\Users\\ustc\\Zotero\\storage\\Q55DKBBL\\Saad - 2003 - Iterative methods for sparse linear systems.pdf:application/pdf},
}

@phdthesis{_gpu_2020,
	type = {博士},
	title = {{基于GPU异构计算的可压缩复杂流动高精度数值模拟}},
	abstract = {计算速度与计算精度是计算流体力学(CFD)计算中最重要的两个内容。本文着眼于当前高性能计算机的发展趋势,研究了可压缩CFD程序在现代GPU异构平台的高效并行计算方法,并发展了一种新的适用于可压缩流动的高精度数值格式,基于GPU加速的高精度隐式大涡模拟研究了喷口非对称性对超声速平板射流的流动结构与噪声的影响。本文具体内容与结论如下:(1)基于当前高性能计算机的发展趋势及现代GPU异构计算平台的特点,研究了适用于GPU异构计算平台上大规模计算的一般曲线坐标系下的高精度可压缩CFD并行计算方法,并开发了相应的程序。针对复杂多样的现代GPU计算平台的硬件拓扑结构,开发了硬件识别技术,可根据计算负载状况自动优化硬件的分配,包括CPU内存分配优化、CPU与GPU数据传输优化、CPU进程之间通信优化以及GPU进程之间通信优化。针对可压缩CFD程序设计了高效的显存利用策略,发展了“原子化操作”与核函数分解技术,开发了求解可压缩Navier-Stokes方程的GPU高效并行计算方法。性能测试表明基于当前技术方法开发的可压缩CFD程序相比CPU单核最大可实现近2000倍加速效果,并通过实际算例证明了程序的正确性与高效性。(2)将Targeted ENO格式的思想引入AFWENO格式中,发展了新的适用于求解双曲守恒律的高精度数值格式AFTENO格式。AFTENO同时具备TENO格式与AFWENO格式的优点,可对原始变量、守恒变量等进行插值,利用任意单调通量函数构造数值通量,并且可以扩展到3阶至任意阶精度,且没有AFWENO格式的奇数阶精度限制。新格式可以避免基于WENO思想的高阶数值格式中可能存在的全局模板内出现多个间断时数值格式失效的问题。测试结果表明,相比同类AFWENO格式,新格式具有更好的激波捕捉能力和小尺度结构的分辨率。(3)基于高精度隐式大涡模拟研究了喷口非对称性对欠膨胀超声速平板射流流动结构与噪声的影响。研究了喷口上下板长度差与喷口高度比值L//h为0.5与1.0的算例,并与对称喷口的算例作对比。研究表明喷口非对称性可有效抑制激波啸叫强度,最大可降低7.9dB。动力学模态分解(DMD)分析表明,能量最高的模态的频率对应于啸叫主频,并且斜切效应会抑制激波串结构的法向摆动。在对称喷口算例中,当前计算中显示了“激波泄露”现象,为“激波泄露”理论解释激波啸叫产生根源提供了依据。在非对称喷口构型射流中,激波结构与剪切层比对称构型情...},
	school = {中国科学技术大学},
	author = {叶创超 and 孙德军;万振华},
	year = {2020},
	keywords = {异构计算;GPU;高精度格式;平板射流;隐式大涡模拟;啸叫;非对称喷口},
	file = {叶创超 和 孙德军\;万振华 - 2020 - 基于GPU异构计算的可压缩复杂流动高精度数值模拟.pdf:C\:\\Users\\ustc\\Zotero\\storage\\MI8Z59MS\\叶创超 和 孙德军\;万振华 - 2020 - 基于GPU异构计算的可压缩复杂流动高精度数值模拟.pdf:application/pdf},
}

@article{brazier_optimum_1974,
	title = {An optimum {SOR} procedure for the solution of elliptic partial differential equations with any domain or coefficient set},
	volume = {3},
	issn = {00457825},
	url = {https://linkinghub.elsevier.com/retrieve/pii/0045782574900188},
	doi = {10.1016/0045-7825(74)90018-8},
	language = {en},
	number = {3},
	urldate = {2022-05-25},
	journal = {Computer Methods in Applied Mechanics and Engineering},
	author = {Brazier, P.H.},
	month = may,
	year = {1974},
	pages = {335--347},
}

@article{liu_weighted_1994,
	title = {Weighted {Essentially} {Non}-oscillatory {Schemes}},
	volume = {115},
	issn = {00219991},
	url = {https://linkinghub.elsevier.com/retrieve/pii/S0021999184711879},
	doi = {10.1006/jcph.1994.1187},
	language = {en},
	number = {1},
	urldate = {2022-05-27},
	journal = {Journal of Computational Physics},
	author = {Liu, Xu-Dong and Osher, Stanley and Chan, Tony},
	month = nov,
	year = {1994},
	pages = {200--212},
}
